3134 4804
628 343 649 404 'b
777 331 1301 404 iunkonucuio.

586 427 742 505 ulterius
755 429 828 502 suit
856 422 977 500 evesta
992 447 1005 504 3
1020 428 1068 500 ita
1095 421 1216 501 studio
1232 427 1360 502 borum
1374 421 1456 502 lites

583 554 787 636 mentorum
801 531 913 630 magis
929 553 1078 630 quoque
1092 535 1130 603 in
1145 529 1350 606 Geometrr'a
1366 551 1451 626 pro·

579 636 701 712 ficies.
767 697 770 710 ,

631 742 756 819 xvii.
809 736 1140 814 Partiemurautem
1154 735 1358 814 universum
1387 739 1453 810 nol

580 843 690 920 strum
713 867 809 940 opus
824 845 859 916 in
881 860 1040 942 quatuor
1054 840 1165 915 libros
1182 863 1194 922 3
1208 865 1364 939 quorum
1377 842 1451 934 pri.

579 969 658 1026 mus
672 955 740 1022 erit
755 948 800 1021 de
829 947 969 1022 caieulo
997 944 1145 1020 litterali
1160 990 1172 1026 ‚
1188 945 1246 1018 seu
1274 943 1447 1039 speciosot

577 1052 756 1127 secundus
767 1051 810 1124 de
822 1049 1041 1124 resolutione
1069 1048 1331 1145 problematum
1349 1047 1448 1144 asge·
1516 1092 1521 1108 .

574 1155 693 1232 braica
720 1175 734 1235 3
760 1147 891 1260 tertius
916 1151 963 1226 de
989 1151 1247 1248 compositione
1285 1157 1448 1240 iocorum

576 1269 879 1358 geometricorum
896 1277 908 1335 3
924 1257 960 1334 8(
974 1275 1125 1352 quartus
1139 1253 1282 1330 demum
1297 1251 1342 1325 de
1356 1277 1446 1351 geo·

451 1433 457 1448 .
576 1365 717 1439 metrica
757 1367 1001 1458 equationum
1042 1353 1308 1434 constructione
1333 1407 1343 1429 .
1369 1358 1448 1430 Hac

574 1475 669 1540 enim
684 1467 877 1562 partitione
891 1465 926 1538 id
937 1455 1160 1560 ›omnerquod
1174 1461 1219 1534 ad
1233 1463 1322 1536 hanc
1338 1461 1443 1534 scien.

576 1577 661 1645 tiam
676 1576 853 1666 pertinere
869 1567 1164 1664 videturpoterit
1176 1563 1246 1662 jam
1258 1564 1444 1638 commode
1543 1577 1544 1648 i

574 1675 691 1750 tradi.
705 1669 848 1747 Priores
865 1671 1034 1768 siquidem
1061 1672 1138 1746 duo
1151 1669 1232 1742 iibri
1250 1668 1444 1766 Aigebram

573 1781 614 1850 in
630 1779 662 1848 sc
677 1775 747 1868 ipsa
772 1773 1024 1848 consideratam
1053 1770 1359 1870 compiestenturr
1383 1771 1445 1844 alii

573 1901 664 1951 vero
686 1877 763 1952 duo
789 1872 998 1972 posteriores
1040 1881 1302 1968 promotionem
1340 1874 1445 1974 eJuS.

498 1975 503 1988 '
572 1980 788 2056 Geometriae
802 1973 957 2054 subsidio
981 1985 1292 2076 comparatam2iu
1316 1989 1448 2078 propa}

569 2084 816 2174 tuioponent.
1358 2127 1359 2139 κ

573 2237 575 2242 .
625 2187 769 2264 xviii.
796 2183 979 2260 Caeterum
993 2208 1039 2262 ex
1054 2187 1316 2280 quatuorbisce
1330 2188 1446 2276 libris,

570 2291 711 2388 priores
738 2289 833 2364 door
850 2287 942 2388 ,jam
957 2294 1180 2372 novennium
1194 2287 1242 2364 est
1257 2285 1317 2370 ,ἃ
1341 2293 1445 2388 quod
1514 2293 1521 2305 ’

569 2395 736 2472 excurrit
749 2439 762 2478 .
775 2416 822 2469 ex
836 2415 912 2491 quo
926 2393 963 2466 in
976 2395 1123 2492 gratiam
1137 2391 1300 2470 studiose
1315 2395 1444 2470 nostre

563 2491 1443 2596 Juventutiseonseripsn&insucememisr.Sed.

572 2626 686 2697 quum
713 2601 952 2676 tumultuario
977 2601 1096 2675 studio
1122 2599 1266 2678 fuissent
1290 2607 1444 2690 exarati,

570 2705 607 2780 ἃ
637 2709 775 2804 pagine
801 2727 925 2781 eorum
950 2707 1170 2788 ederentur,
1192 2723 1235 2780 ut
1263 2705 1442 2782 rouurna

569 2833 675 2884 manu
692 2808 1008 2884 conscribebantur
1021 2837 1034 2893 ς
1049 2827 1120 2882 tue
1148 2809 1299 2883 utilitati
1312 2811 1441 2887 consu·

570 2913 647 2987 lens
663 2967 673 3000 ,
689 2933 751 2986 eos
766 2911 908 2986 reficere
922 2967 934 3002 ‚
950 2914 986 2988 31
998 2913 1042 2984 ad
1059 2910 1224 3008 majorem
1250 2911 1441 3008 perfestio·

570 3039 650 3092 nem
667 3015 923 3101 reduceremur
937 3016 1234 3114 gravaboruitios
1247 3039 1332 3092 vero
1344 3017 1450 3096 duos.

572 3117 781 3216 posteriores
795 3141 891 3193 nunc
904 3121 1057 3215 primum
1070 3117 1291 3194 elucubrabo
1305 3166 1317 3194 .
1329 3123 1369 3196 N
1371 3147 1442 3208 am,

571 3221 632 3296 etfi
649 3224 787 3296 animus
802 3223 888 3296 mihi
913 3223 1044 3320 semper
1057 3222 1169 3297 suerit
1184 3265 1196 3302 2
1209 3245 1270 3298 eos
1284 3227 1389 3301 etiarn
1402 3233 1440 3316 in

568 3323 685 3398 lucem
700 3341 864 3400 emittere
879 3327 975 3406 talio
987 3345 1105 3402 tamen
1117 3321 1318 3417 distraetus,
1331 3325 1437 3406 fidem

569 3427 718 3526 publico
730 3428 851 3507 datam
865 3453 1058 3530 numquam
1071 3427 1207 3509 solvere
1219 3435 1342 3534 potui.
