3134 4804
435 149 446 182 Κ

266 313 788 416 rnraooucrro
902 367 923 421 ς

98 437 360 537 problematum
373 438 534 535 speciales
548 438 591 510 ad
607 434 700 516 stram
716 438 964 513 universatim.

98 562 169 616 tem
185 561 424 617 revocantur.
440 544 512 618 Ubi
526 550 618 618 enim
634 562 728 616 notar
742 551 964 642 quantitates

95 646 272 742 congruis
309 649 464 720 numeris
501 651 756 742 exprimuntur
784 701 795 730 ‚
826 649 990 743 ignotae,
1056 713 1061 722 .

92 749 313 846 quantitatis
326 750 589 828 vaiornnmeris
614 760 720 824 etiam
749 750 870 846 prodit
897 773 963 826 err·¹

93 849 230 948 pressus
247 883 254 924 ι
272 853 366 925 unde
384 879 449 949 pro
463 879 507 926 eo
534 869 694 936 tantum',
709 855 753 925 de
781 877 858 952 quo
884 855 960 951 agi·

92 972 181 1039 rur,
200 953 280 1028 casu
298 956 402 1032 nobis
430 959 510 1032 usui
536 961 628 1029 erit.
656 958 817 1042 Verum,
845 981 960 1055 quum

90 1059 182 1130 date
208 1063 454 1156 quantitates,
471 1059 618 1157 perinde
633 1085 671 1134 ac
685 1059 863 1158 quaesite,
893 1063 956 1136 ΑΙ·
993 1066 997 1072 ’

96 1162 244 1256 pitabeti
261 1165 389 1238 litteris
415 1167 648 1263 defignantur
663 1191 675 1248 3
689 1166 773 1262 quia
801 1163 958 1259 symbola

97 1261 158 1336 iiie
177 1267 262 1339 nihii
277 1293 322 1342 ex
341 1270 372 1340 se
389 1270 471 1367 ipsis
501 1267 702 1366 significant
716 1323 727 1352 ,
742 1288 780 1337 ea
804 1267 958 1338 indeter-

93 1370 227 1442 minato
253 1374 411 1468 quodam
427 1371 535 1446 modo
549 1371 770 1467 quantitates
784 1369 883 1440 datas
910 1391 960 1441 re.

88 1473 359 1574 presentabant
374 1505 382 1546 ε
399 1477 620 1572 proindeque
641 1469 787 1569 quaesita
814 1477 960 1568 quenti·

88 1576 425 1668 tas-subindeetiam
440 1577 597 1673 expressa
612 1584 762 1650 orietur.

137 1681 206 1755 ΧΙ.
261 1681 358 1752 Hine
374 1680 554 1756 solutione
582 1679 813 1778 problematis
837 1701 962 1754 nnme-

89 1783 168 1856 rosa
185 1786 315 1856 unicus
331 1799 471 1860 tantum
482 1788 578 1860 casus
590 1783 827 1880 expenditrtrr
843 1807 956 1880 quum

85 1903 205 1960 tamen
220 1883 397 1960 solutione
409 1889 551 1966 litterali
561 1909 684 1962 omnes
695 1889 844 1960 omnino
857 1886 955 1960 casus

68 1987 317 2078 enodantur.
332 1988 602 2091 thuamquam
617 2015 664 2068 ex
683 1991 860 2064 solutione
886 2013 953 2063 nn·

85 2089 219 2167 merosa
249 2093 350 2190 potiit
372 2097 587 2194 quandoque
614 2095 789 2192 garreraiis
827 2087 952 2189 regula

85 2195 214 2292 eoiiigi
229 2237 240 2277 ,
258 2195 392 2273 eafibus
406 2202 573 2275 omnibns
599 2201 817 2276 insertiones
835 2197 872 2270 id
901 2215 951 2292 ta-

85 2321 164 2374 men
185 2318 322 2376 tantum
340 2302 472 2376 nonest
489 2305 695 2398 impoffibiIe
711 2300 950 2397 sitimquunr
1010 2305 1012 2312 ⁴

80 2402 258 2500 problema
284 2407 425 2482 nimiam
452 2409 698 2482 drfficurntem
718 2407 871 2478 invoivit
885 2450 895 2483 ‚
910 2429 949 2479 ac

24 2561 25 2576 ,
80 2511 201 2603 piures
214 2511 333 2606 exigit
348 2516 592 2608 operationes,
608 2529 650 2583 ut
663 2509 705 2578 ad
716 2511 857 2580 exitum
873 2531 950 2601 per·

76 2611 233 2686 ducatur
248 2665 257 2685 .
272 2614 367 2687 Nam
390 2633 486 2688 note
512 2618 743 2686 arithmeticae
759 2615 827 2684 hoe
840 2619 947 2684 etiam

75 2715 211 2790 habent
227 2719 585 2818 incommodi,qttod
613 2734 674 2812 per
701 2736 819 2785 earum
843 2713 946 2782 addi-

76 2821 243 2906 tionem,
271 2817 575 2905 subtraetionem,
600 2817 949 2914 multipiicationerm

73 2948 115 2998 ac
131 2923 343 3000 divifionem
357 2929 432 3003 alia
446 2931 616 3002 oriuntur
641 2921 863 3021 quantitates
879 2963 890 2999 ,
907 2921 942 2988 in

71 3027 271 3128 quibusee
288 3050 361 3109 ‚err
389 3030 526 3130 quibus
558 3027 845 3112 iubnascuntur,
872 3043 947 3096 non

71 3131 227 3224 amplius
241 3151 413 3225 apparent
431 3185 442 3206 .

125 3233 211 3312 xri.
265 3233 336 3310 Eti'r
352 3256 471 3314 antem
488 3238 644 3338 Aigebra
657 3237 944 3326 Vietaeamtpote

70 3337 241 3414 litteralis
256 3363 322 3426 ‚ac
337 3341 514 3438 speciosa,
542 3341 770 3415 universalior
798 3337 945 3418 circaea,
982 3375 985 3382 ·

69 3457 273 3543 quainter
290 3443 613 3526 obtinebattrevetr
629 3463 744 3518 tamen
760 3441 939 3515 nonaiiud

72 3561 152 3622 erat
167 3587 179 3627 a
194 3567 301 3658 quam
315 3549 386 3644 ipsa
408 3564 515 3626 vetus
536 3546 692 3647 Aigebra
708 3597 719 3632 ‚
744 3541 942 3640 Aiphabeti

68 3649 204 3724 litteris
231 3649 492 3727 administrata.
519 3649 640 3762 'Qram
664 3659 759 3728 enim
786 3651 945 3745 reguiam

71 3755 281 3828 docuerunt
295 3751 448 3836 Arabes.
461 3781 526 3851 pro
543 3757 757 3832 reiblvendis
770 3753 946 3850 equatio·
993 3797 997 3803 ·

74 3859 183 3960 uibus
200 3855 409 3960 quadrariae
434 3861 575 4042 tangerer
602 3855 771 3936 adhibuit
798 3872 947 4029 qurpque

578 3975 597 4060 3
847 3979 897 4030 re·
