3134 4800
516 311 580 358 120
682 285 877 359 'lllGEllllAE
900 279 1216 358 tremendorum

463 391 531 474 trit
550 409 561 456 ι
576 385 617 466 ·l-
630 383 687 462 «8'
700 386 800 460 radix
814 382 940 458 cubicr
954 378 1112 477 quaesrte.
1369 444 1374 461 ,
1500 475 1502 478 ¹

518 509 605 586 274·
657 487 727 560 Sed
755 503 906 562 notetur
930 483 1412 582 lr'tevelim2querrtitrtem3

463 612 542 684 qure
560 587 1203 690 perstrncregulrminveniturrnou
1229 583 1298 660 esse
1325 585 1410 662 sem·

460 713 522 786 per
550 687 700 785 redicem
726 695 889 772 oubicem
929 693 1104 792 propositi
1131 689 1322 798 binomii‘.
1349 687 1411 764 Est

461 795 596 890 quippe
610 801 686 886 eine
700 799 805 889 radix
829 797 982 879 cubica,
1008 795 1306 894 quotiescumque
1332 796 1409 870 trec

454 919 506 972 ex
521 901 583 973 illo
600 903 743 977 extrahi
757 899 875 1000 potest
889 954 899 976 .
912 901 981 978 sed
998 900 1165 997 siquidem
1180 895 1407 994 propositum

451 999 656 1080 vbinomium
682 1003 1209 1092 radicemrronedmittet,nec
1233 1001 1320 1075 item
1349 999 1407 1073 iu·

456 1113 763 1207 erutaquantitrs
778 1110 879 1186 radix
894 1105 1110 1199 ejuecubicr
1133 1111 1202 1180 erit
1230 1155 1241 1180 .
1265 1103 1311 1192 sd
1339 1127 1405 1179 err·

454 1223 526 1284 tem
543 1235 615 1288 nou
629 1213 732 1288 aliter
745 1214 912 1312 cognosci
929 1208 1045 1310 potest
1074 1253 1086 1291 ‚
1114 1233 1219 1308 quem
1242 1217 1292 1283 rei
1304 1209 1401 1305 peri·

390 1385 392 1390 .
453 1316 540 1388 culo
553 1313 673 1393 fusio.
702 1321 832 1416 Neque
846 1324 940 1393 enim
958 1367 968 1401 ,
986 1322 1023 1388 in
1037 1313 1256 1390 extrahenda
1283 1307 1405 1388 redite

452 1417 579 1494 cubica
593 1443 640 1497 err
654 1423 776 1522 aliquo
793 1423 974 1508 birromio.
1001 1437 1102 1496 certo
1129 1415 1276 1492 delinire
1301 1416 1404 1508 licet,

412 1613 415 1621 ι
453 1543 541 1597 num
558 1527 659 1600 radix
675 1529 733 1604 illu
748 1531 888 1602 extrahi
904 1525 1007 1623 possit
1022 1569 1032 1607 ,
1048 1545 1111 1598 nec
1127 1545 1172 1597 ue
1187 1573 1197 1595 .
1212 1521 1323 1601 Nem,
1335 1519 1400 1595 ern

454 1629 778 1722 qutrmdifferentir
791 1631 1047 1723 quadratorum
1071 1650 1118 1702 err
1145 1630 1305 1702 terminis
1319 1623 1400 1720 eJ'ue

285 1728 1399 1908 tetzilt·-‘nl⁰n¹¹“¹litu

482 1861 490 1900 r
864 1859 873 1904 l
931 1859 962 1906 tc
1001 1861 1009 1905 t
1192 1861 1208 1908 l·
1327 1859 1398 1914 lle

452 1955 565 2031 quum
580 1935 777 2008 differentia
792 1933 848 2004 illa
865 1933 982 2008 cubus
996 1933 1120 2030 prodit
1135 1857 1342 2028 qiierfeitus„

452 2063 456 2072 ’
504 2059 594 2134 ²75·
645 2035 761 2140 Quod
774 2049 893 2112 autem
908 2037 1087 2114 dicimus,
1105 2057 1178 2108 non
1208 2041 1303 2133 pqlse
1329 2061 1399 2115 ert.

450 2141 542 2212 trahi
559 2137 709 2244 radicem
724 2139 885 2216 cubicum
900 2188 911 2224 ‚
925 2139 987 2217 ubi
1015 2138 1213 2214 differentia
1243 2141 1399 2236 quadra.

450 2261 692 2342 torumque
717 2241 875 2337 finntex
891 2243 1052 2321 terminis
1080 2241 1255 2339 proponti
1285 2241 1397 2316 bino.

448 2347 510 2418 mii
538 2399 549 2432 ,
579 2344 712 2421 nonest
727 2347 843 2424 cubus
869 2347 1045 2446 perfeslus
1071 2369 1085 2426 t
1113 2345 1149 2420 id
1178 2343 1396 2446 intelligen-

448 2449 535 2524 dum
553 2447 611 2523 -ell
640 2495 653 2532 ‚
678 2451 977 2555 quotiescumque
1004 2451 1146 2551 quesite
1185 2451 1288 2526 radix
1314 2474 1395 2528 nou

445 2559 532 2628 alies
548 2554 714 2630 radicales
729 2613 740 2644 ,
753 2581 859 2656 qoam
874 2561 1090 2658 quadratus,
1105 2553 1211 2631 debet
1226 2556 1393 2630 contine·

446 2683 485 2732 re
513 2711 524 2732 .
551 2661 689 2736 Verum
705 2707 714 2741 r
730 2661 754 2734 sr
770 2662 814 2735 de
829 2667 1002 2762 qualitate
1029 2662 1235 2738 radicallum
1249 2661 1392 2738 minime

447 2763 592 2837 solliciti
605 2763 673 2837 esse
686 2765 836 2841 velimus
851 2820 862 2857 ,
878 2769 1022 2844 extrahi
1045 2765 1260 2866 quandoque
1287 2781 1392 2858 pote·

446 2867 497 2940 rit
511 2869 612 2944 radix
629 2870 767 2950 cubica,
781 2877 886 2950 etiem
900 2879 946 2946 ert
961 2871 1136 2953 binomio,
1151 2868 1187 2950 in
1201 2891 1278 2966 quo
1290 2866 1392 2942 diffe-

444 2971 558 3043 rentir
571 2971 826 3068 quadratorum
838 2997 885 3052 ex
901 2974 1060 3048 termiuie
1083 2981 1162 3063 ejus
1175 2993 1249 3062 non
1262 2968 1312 3046 est
1327 2997 1392 3049 cu·

397 3115 398 3119 =
447 3072 515 3144 bus
530 3073 734 3166 persesiue.
762 3077 855 3152 Nem
869 3078 918 3160 ‚sr
937 3083 1015 3166 ejus
1030 3076 1171 3152 termini
1187 3097 1247 3170 per
1270 3074 1391 3155 illius·

445 3175 544 3246 modi
567 3177 800 3253 disserentium
827 3181 1137 3277 multiplicentur,
1166 3179 1390 3274 producetur

443 3273 644 3360 binomium
668 3281 844 3371 aliud,in
871 3309 947 3384 quo
973 3283 1170 3360 differentia
1195 3285 1392 3379 quadrato·

319 3406 324 3416 ¹
446 3401 587 3456 rumex
604 3387 762 3460 terminis
774 3385 851 3484 ejus
864 3389 981 3464 cubus
994 3391 1063 3465 erit
1085 3384 1269 3488 perseslur
1284 3441 1294 3461 .
1310 3395 1391 3468 υῃ.

446 3483 505 3590 de,
519 3481 541 3556 sr
556 3503 720 3560 ex‘novo
733 3487 801 3564 isto
815 3491 1093 3590 binomlorrdirr
1107 3491 1232 3569 cubica
1245 3499 1390 3572 extrahi

445 3585 564 3684 potest
583 3590 740 3678 tradem,
753 3593 863 3670 divisa
876 3621 939 3694 per
951 3596 1278 3698 redicemtubirem
1293 3607 1390 3698 prio·

444 3697 495 3764 ris
507 3691 728 3796 differentior,
738 3699 840 3780 debit
852 3701 1004 3806 redicem
1019 3705 1177 3784 cubitem
1188 3700 1320 3801 priorir
1333 3707 1391 3802 big

441 3804 575 3878 uomit.
810 3801 814 3806 ’
1446 3805 1451 3813 “
